@article{scikit-learn,
 title={Scikit-learn: Machine Learning in {P}ython},
 author={Pedregosa, F. and Varoquaux, G. and Gramfort, A. and Michel, V.
         and Thirion, B. and Grisel, O. and Blondel, M. and Prettenhofer, P.
         and Weiss, R. and Dubourg, V. and Vanderplas, J. and Passos, A. and
         Cournapeau, D. and Brucher, M. and Perrot, M. and Duchesnay, E.},
 journal={Journal of Machine Learning Research},
 volume={12},
 pages={2825--2830},
 year={2011}
}

@ARTICLE{BRATS,
author={B. H. Menze and A. Jakab and S. Bauer and J. Kalpathy-Cramer and K. Farahani and J. Kirby and Y. Burren and N. Porz and J. Slotboom and R. Wiest and L. Lanczi and E. Gerstner and M. A. Weber and T. Arbel and B. B. Avants and N. Ayache and P. Buendia and D. L. Collins and N. Cordier and J. J. Corso and A. Criminisi and T. Das and H. Delingette and Ã‡. Demiralp and C. R. Durst and M. Dojat and S. Doyle and J. Festa and F. Forbes and E. Geremia and B. Glocker and P. Golland and X. Guo and A. Hamamci and K. M. Iftekharuddin and R. Jena and N. M. John and E. Konukoglu and D. Lashkari and J. A. Mariz and R. Meier and S. Pereira and D. Precup and S. J. Price and T. R. Raviv and S. M. S. Reza and M. Ryan and D. Sarikaya and L. Schwartz and H. C. Shin and J. Shotton and C. A. Silva and N. Sousa and N. K. Subbanna and G. Szekely and T. J. Taylor and O. M. Thomas and N. J. Tustison and G. Unal and F. Vasseur and M. Wintermark and D. H. Ye and L. Zhao and B. Zhao and D. Zikic and M. Prastawa and M. Reyes and K. Van Leemput},
journal={IEEE Transactions on Medical Imaging},
title={The Multimodal Brain Tumor Image Segmentation Benchmark (BRATS)},
year={2015},
volume={34},
number={10},
pages={1993-2024},
keywords={benchmark testing;biomedical MRI;brain;image segmentation;medical image processing;tumours;BRATS;Dice scores;MICCAI 2012 conference;MICCAI 2013 conference;Multimodal Brain Tumor Image Segmentation Benchmark;glioma patients;hierarchical majority vote;human interrater variability;multicontrast MR scans;tumor image simulation software;tumor segmentation algorithm;Benchmark testing;Biomedical imaging;Educational institutions;Image segmentation;Lesions;Benchmark;Brain;Image segmentation;MRI;Oncology/tumor;1},
doi={10.1109/TMI.2014.2377694},
ISSN={0278-0062},
month={Oct},}
