@article{scikit-learn,
 title={Scikit-learn: Machine Learning in {P}ython},
 author={Pedregosa, F. and Varoquaux, G. and Gramfort, A. and Michel, V.
         and Thirion, B. and Grisel, O. and Blondel, M. and Prettenhofer, P.
         and Weiss, R. and Dubourg, V. and Vanderplas, J. and Passos, A. and
         Cournapeau, D. and Brucher, M. and Perrot, M. and Duchesnay, E.},
 journal={Journal of Machine Learning Research},
 volume={12},
 pages={2825--2830},
 year={2011}
}

@ARTICLE{BRATS,
author={B. H. Menze and A. Jakab and S. Bauer and J. Kalpathy-Cramer and K. Farahani and J. Kirby and Y. Burren and N. Porz and J. Slotboom and R. Wiest and L. Lanczi and E. Gerstner and M. A. Weber and T. Arbel and B. B. Avants and N. Ayache and P. Buendia and D. L. Collins and N. Cordier and J. J. Corso and A. Criminisi and T. Das and H. Delingette and Ç. Demiralp and C. R. Durst and M. Dojat and S. Doyle and J. Festa and F. Forbes and E. Geremia and B. Glocker and P. Golland and X. Guo and A. Hamamci and K. M. Iftekharuddin and R. Jena and N. M. John and E. Konukoglu and D. Lashkari and J. A. Mariz and R. Meier and S. Pereira and D. Precup and S. J. Price and T. R. Raviv and S. M. S. Reza and M. Ryan and D. Sarikaya and L. Schwartz and H. C. Shin and J. Shotton and C. A. Silva and N. Sousa and N. K. Subbanna and G. Szekely and T. J. Taylor and O. M. Thomas and N. J. Tustison and G. Unal and F. Vasseur and M. Wintermark and D. H. Ye and L. Zhao and B. Zhao and D. Zikic and M. Prastawa and M. Reyes and K. Van Leemput},
journal={IEEE Transactions on Medical Imaging},
title={The Multimodal Brain Tumor Image Segmentation Benchmark (BRATS)},
year={2015},
volume={34},
number={10},
pages={1993-2024},
keywords={benchmark testing;biomedical MRI;brain;image segmentation;medical image processing;tumours;BRATS;Dice scores;MICCAI 2012 conference;MICCAI 2013 conference;Multimodal Brain Tumor Image Segmentation Benchmark;glioma patients;hierarchical majority vote;human interrater variability;multicontrast MR scans;tumor image simulation software;tumor segmentation algorithm;Benchmark testing;Biomedical imaging;Educational institutions;Image segmentation;Lesions;Benchmark;Brain;Image segmentation;MRI;Oncology/tumor;1},
doi={10.1109/TMI.2014.2377694},
ISSN={0278-0062},
month={Oct},}

@ARTICLE{batchrf,
author={M. Ristin and M. Guillaumin and J. Gall and L. Van Gool},
journal={IEEE Transactions on Pattern Analysis and Machine Intelligence},
title={Incremental Learning of Random Forests for Large-Scale Image Classification},
year={2016},
volume={38},
number={3},
pages={490-503},
keywords={image classification;learning (artificial intelligence);SVM;classification accuracy;computational efficiency;incremental learning;large-scale image classification;nearest class mean classifiers;random forests;Accuracy;Radio frequency;Support vector machines;Tin;Training;Training data;Vegetation;Incremental learning;large-scale image classification;random forests},
doi={10.1109/TPAMI.2015.2459678},
ISSN={0162-8828},
month={March},}


@inproceedings{ronneberger2015u,
  title={U-net: Convolutional networks for biomedical image segmentation},
  author={Ronneberger, Olaf and Fischer, Philipp and Brox, Thomas},
  booktitle={International Conference on Medical image computing and computer-assisted intervention},
  pages={234--241},
  year={2015},
  organization={Springer}
}


@article{brats2017,
  author    = {Konstantinos Kamnitsas and
               Wenjia Bai and
               Enzo Ferrante and
               Steven G. McDonagh and
               Matthew Sinclair and
               Nick Pawlowski and
               Martin Rajchl and
               Matthew C. H. Lee and
               Bernhard Kainz and
               Daniel Rueckert and
               Ben Glocker},
  title     = {Ensembles of Multiple Models and Architectures for Robust Brain Tumour
               Segmentation},
  journal   = {CoRR},
  volume    = {abs/1711.01468},
  year      = {2017},
  url       = {http://arxiv.org/abs/1711.01468},
  archivePrefix = {arXiv},
  eprint    = {1711.01468},
  timestamp = {Fri, 01 Dec 2017 14:22:24 +0100},
  biburl    = {https://dblp.org/rec/bib/journals/corr/abs-1711-01468},
  bibsource = {dblp computer science bibliography, https://dblp.org}
}

@article{brats2017short,
  author    = {Konstantinos Kamnitsas and
               Wenjia Bai and
               Enzo Ferrante and
               Steven G. McDonagh and
               Matthew Sinclair and
               Nick Pawlowski and
               Martin Rajchl and
               Matthew C. H. Lee and
               Bernhard Kainz and
               Daniel Rueckert and
               Ben Glocker
               },
  title     = {Ensembles of Multiple Models and Architectures for Robust Brain Tumour
               Segmentation},
  journal   = {CoRR},
  volume    = {abs/1711.01468},
  year      = {2017},
  url       = {http://arxiv.org/abs/1711.01468},
  archivePrefix = {arXiv},
  eprint    = {1711.01468},
  timestamp = {Fri, 01 Dec 2017 14:22:24 +0100},
  biburl    = {https://dblp.org/rec/bib/journals/corr/abs-1711-01468},
  bibsource = {dblp computer science bibliography, https://dblp.org}
}

@article{Long14,
  author    = {Jonathan Long and
               Evan Shelhamer and
               Trevor Darrell},
  title     = {Fully Convolutional Networks for Semantic Segmentation},
  journal   = {CoRR},
  volume    = {abs/1411.4038},
  year      = {2014},
  url       = {http://arxiv.org/abs/1411.4038},
  archivePrefix = {arXiv},
  eprint    = {1411.4038},
  timestamp = {Wed, 07 Jun 2017 14:42:28 +0200},
  biburl    = {https://dblp.org/rec/bib/journals/corr/LongSD14},
  bibsource = {dblp computer science bibliography, https://dblp.org}
}

@misc{zijundeng,
  author = {Zijun Deng},
  title = {PyTorch for Semantic Segmentation},
  year = {2017},
  publisher = {GitHub},
  journal = {GitHub repository},
  howpublished = {\url{https://github.com/zijundeng/pytorch-semantic-segmentation}},
  commit = {4a1721f9a3284788336430efb140288096c6dd09}
}

@misc{jaxony,
  author = {Jackson Huang},
  title = {U-Net implementation in PyTorch},
  year = {2017},
  publisher = {GitHub},
  journal = {GitHub repository},
  howpublished = {\url{https://github.com/jaxony/unet-pytorch}},
  commit = {2bb0e44a2d5c7c04b589d5d942673aee52bcff58}
}

@article{bakas2017advancing,
  title={Advancing the cancer genome atlas glioma MRI collections with expert segmentation labels and radiomic features},
  author={Bakas, Spyridon and Akbari, Hamed and Sotiras, Aristeidis and Bilello, Michel and Rozycki, Martin and Kirby, Justin S and Freymann, John B and Farahani, Keyvan and Davatzikos, Christos},
  journal={Scientific data},
  volume={4},
  pages={170117},
  year={2017},
  publisher={Nature Publishing Group}
}

@inproceedings{dong2017,
  title={Automatic brain tumor detection and segmentation using U-Net based fully convolutional networks},
  author={Dong, Hao and Yang, Guang and Liu, Fangde and Mo, Yuanhan and Guo, Yike},
  booktitle={Annual Conference on Medical Image Understanding and Analysis},
  pages={506--517},
  year={2017},
  organization={Springer}
}

@inproceedings{maier2015,
  title={Highly discriminative features for glioma
segmentation in MR volumes with random
forests
},
  author={Maier, Oskar and Wilms, Matthias and Handels},
  booktitle={Proceedings of the Multimodal Brain Tumor Image Segmentation Challenge},
  pages={42--45},
  year={2015},
}

@article{ostrom2014,
  title={The epidemiology of glioma in adults: a “state of the science” review},
  author={Ostrom, Quinn T and Bauchet, Luc and Davis, Faith G and Deltour, Isabelle and Fisher, James L and Langer, Chelsea Eastman and Pekmezci, Melike and Schwartzbaum, Judith A and Turner, Michelle C and Walsh, Kyle M and others},
  journal={Neuro-oncology},
  volume={16},
  number={7},
  pages={896--913},
  year={2014},
  publisher={Oxford University Press}
}

@inproceedings{ho1995,
  title={Random decision forests},
  author={Ho, Tin Kam},
  booktitle={Document analysis and recognition, 1995., proceedings of the third international conference on},
  volume={1},
  pages={278--282},
  year={1995},
  organization={IEEE}
}

@inproceedings{pinto2015,
  title={Brain tumour segmentation based on extremely randomized forest with high-level features},
  author={Pinto, Adriano and Pereira, S{\'e}rgio and Correia, Higino and Oliveira, Jorge and Rasteiro, Deolinda MLD and Silva, Carlos A},
  booktitle={Engineering in Medicine and Biology Society (EMBC), 2015 37th Annual International Conference of the IEEE},
  pages={3037--3040},
  year={2015},
  organization={IEEE}
}